<?xml version="1.0" encoding="UTF-8"?><record xmlns="http://www.loc.gov/MARC21/slim" xmlns:cinclude="http://apache.org/cocoon/include/1.0" xmlns:zs="http://www.loc.gov/zing/srw/">
  <leader>00411cz  a2200133n  4500</leader>
  <controlfield tag="001">n 2008073456</controlfield>
  <controlfield tag="003">DLC</controlfield>
  <controlfield tag="005">20081030080658.0</controlfield>
  <controlfield tag="008">081029n| acannaabn          |a aaa      </controlfield>
  <datafield tag="010" ind1=" " ind2=" ">
    <subfield code="a">n 2008073456</subfield>
  </datafield>
  <datafield tag="040" ind1=" " ind2=" ">
    <subfield code="a">DLC</subfield>
    <subfield code="b">eng</subfield>
    <subfield code="c">DLC</subfield>
  </datafield>
  <datafield tag="100" ind1="1" ind2=" ">
    <subfield code="a">Lombardi, Laura.</subfield>
    <subfield code="t">Dal Realismo all'Art Nouveau.</subfield>
    <subfield code="l">English</subfield>
  </datafield>
  <datafield tag="400" ind1="1" ind2=" ">
    <subfield code="a">Lombardi, Laura.</subfield>
    <subfield code="t">From realism to Art nouveau</subfield>
  </datafield>
  <datafield tag="670" ind1=" " ind2=" ">
    <subfield code="a">Lombardi, Laura. From realism to Art nouveau, 2009.</subfield>
  </datafield>
</record>